<record><leader>00000cas a2200000 a 4500</leader><controlfield tag="001">35916233</controlfield><controlfield tag="008">961114d19651983miudn ne      0    0eng c</controlfield><datafield ind1=" " ind2=" " tag="010"><subfield code="a">sn 96077252 </subfield></datafield><datafield ind1=" " ind2=" " tag="040"><subfield code="a">MHN</subfield><subfield code="b">eng</subfield><subfield code="c">MHN</subfield><subfield code="d">OCL</subfield><subfield code="d">OCLCQ</subfield><subfield code="d">OCLCF</subfield><subfield code="d">OCLCO</subfield></datafield><datafield ind1="1" ind2=" " tag="029"><subfield code="a">AU@</subfield><subfield code="b">000012911158</subfield></datafield><datafield ind1=" " ind2=" " tag="042"><subfield code="a">pcc</subfield></datafield><datafield ind1=" " ind2=" " tag="043"><subfield code="a">n-us-mi</subfield></datafield><datafield ind1="0" ind2=" " tag="130"><subfield code="a">Herald-leader (Menominee, Mich.)</subfield></datafield><datafield ind1="1" ind2="4" tag="245"><subfield code="a">The herald-leader.</subfield></datafield><datafield ind1=" " ind2=" " tag="260"><subfield code="a">Menominee, Mich. :</subfield><subfield code="b">Menominee Pub. Co.</subfield></datafield><datafield ind1=" " ind2=" " tag="300"><subfield code="a">v.</subfield></datafield><datafield ind1=" " ind2=" " tag="310"><subfield code="a">Daily (except Sun.)</subfield></datafield><datafield ind1="0" ind2=" " tag="362"><subfield code="a">[Vol. 101, no. 139] (Mar. 1, 1965)-v. 119, no. 157 (Mar. 22, 1983).</subfield></datafield><datafield ind1=" " ind2="0" tag="651"><subfield code="a">Menominee (Mich.)</subfield><subfield code="v">Newspapers.</subfield></datafield><datafield ind1=" " ind2="0" tag="651"><subfield code="a">Menominee County (Mich.)</subfield><subfield code="v">Newspapers.</subfield></datafield><datafield ind1=" " ind2="7" tag="655"><subfield code="a">Newspapers.</subfield><subfield code="2">fast</subfield><subfield code="0">(OCoLC)fst01423814</subfield></datafield><datafield ind1=" " ind2="7" tag="651"><subfield code="a">Michigan</subfield><subfield code="z">Menominee.</subfield><subfield code="2">fast</subfield><subfield code="0">(OCoLC)fst01232906</subfield></datafield><datafield ind1=" " ind2="7" tag="651"><subfield code="a">Michigan</subfield><subfield code="z">Menominee County.</subfield><subfield code="2">fast</subfield><subfield code="0">(OCoLC)fst01214745</subfield></datafield><datafield ind1=" " ind2=" " tag="752"><subfield code="a">United States</subfield><subfield code="b">Michigan</subfield><subfield code="c">Menominee</subfield><subfield code="d">Menominee.</subfield></datafield><datafield ind1="0" ind2="0" tag="780"><subfield code="t">Menominee herald-leader (Menominee, Mich. : 1908)</subfield><subfield code="w">(DLC)sn 83016408</subfield><subfield code="w">(OCoLC)9798511</subfield></datafield><datafield ind1="0" ind2="0" tag="785"><subfield code="t">Menominee herald-leader (Menominee, Mich. : 1983)</subfield><subfield code="w">(DLC)sn 83007473</subfield><subfield code="w">(OCoLC)9721291</subfield></datafield></record>